@article{pontecorvo2018giovani,
  title={I giovani nel mercato del lavoro italiano: vecchie e nuove vulnerabilit{\`a}},
  author={Pontecorvo, Maria Elena and Pintaldi, Federica},
  journal={I giovani nel mercato del lavoro italiano: vecchie e nuove vulnerabilit{\`a}},
  pages={20--40},
  year={2018},
  publisher={Franco Angeli}
}
@incollection{felice2018regional,
  title={Regional income inequality in Italy in the long run (1871--2010): Patterns and determinants},
  author={Felice, Emanuele},
  booktitle={The Economic Development of Europe's Regions},
  pages={177--203},
  year={2018},
  publisher={Routledge}
}
@article{geroldi2013lavoro,
  title={LAVORO E PROTEZIONE DEL REDDITO DELLE PERSONE IN ETA’MATURA},
  author={Geroldi, Gianni},
  journal={La Rivista delle Politiche Sociali},
  number={1-2},
  pages={153--193},
  year={2013}
}
@techreport{canal2018punto,
  title={Il punto su donne e lavoro},
  author={Canal, Tiziana and Gualtieri, Valentina and others},
  year={2018}
}
@article{toffanin2018donne,
  title={Donne al lavoro in Italia tra parit{\`a} formale e disparit{\`a} sostanziale},
  author={Toffanin, Tania},
  journal={Le grandi questioni sociali del nostro tempo},
  pages={121},
  year={2018}
}
@misc{cappadozzi2019tempi,
  title={I tempi della vita quotidiana. Lavoro, conciliazione, parit{\`a} di genere e benessere soggettivo},
  author={Cappadozzi, T},
  year={2019},
  publisher={Istat, Roma}
}
@misc{del2022relazione,
  title={Relazione annuale sulle convalide delle dimissioni e risoluzioni consensuali delle lavoratrici madri e dei lavoratori padri ai sensi dell’art. 55 del Decreto Legislativo 26 marzo 2001, n. 151},
  year={2022},
  author={Ispettorato Nazionale del Lavoro},
  publisher={Ispettorato Nazionale del Lavoro}
}
@misc{del2016elazione,
  title={Relazione annuale sulle convalide delle dimissioni e risoluzioni consensuali delle lavoratrici madri e dei lavoratori padri ai sensi dell’art. 55 del Decreto Legislativo 26 marzo 2001, n. 151},
  year={2016},
  publisher={Ispettorato Nazionale del Lavoro}
}
@misc{giunti2015mobbing,
  title={Il mobbing per maternit{\`a} colpisce mezzo milione di lavoratrici ogni anno},
  author={Giunti, Arianna},
  publisher={L’Espresso},
  year={2015}
}
@book{felice2013perche,
  title={Perch{\'e} il Sud {\`e} rimasto indietro},
  author={Felice, Claudio Emanuele and others},
  year={2013},
  publisher={il Mulino}
}
@article{felice2012regional,
  title={Regional convergence in Italy, 1891--2001: testing human and social capital},
  author={Felice, Emanuele},
  journal={Cliometrica},
  volume={6},
  number={3},
  pages={267--306},
  year={2012},
  publisher={Springer}
}
@book{robinson2012nations,
  title={Why nations fail: The origins of power, prosperity and poverty},
  author={Robinson, James A and Acemoglu, Daron},
  year={2012},
  publisher={Profile London}
}
@misc{eurostat2024employment,
  title={Employment and activity by sex and age - annual data},
  author={Eurostat},
  year={2024},
  publisher={Eurostat}
}
@article{geroldi2013lavoro,
  title={LAVORO E PROTEZIONE DEL REDDITO DELLE PERSONE IN ETA’MATURA},
  author={Geroldi, Gianni},
  journal={La Rivista delle Politiche Sociali},
  number={1-2},
  pages={153--193},
  year={2013}
}

